<record><leader>00000cas a2200000 a 4500</leader><controlfield tag="001">35309252</controlfield><controlfield tag="008">960827d19uu1966miuwr ne      0    0eng c</controlfield><datafield ind1=" " ind2=" " tag="010"><subfield code="a">sn 96077013 </subfield></datafield><datafield ind1=" " ind2=" " tag="040"><subfield code="a">MHN</subfield><subfield code="b">eng</subfield><subfield code="c">MHN</subfield><subfield code="d">OCL</subfield><subfield code="d">OCLCQ</subfield><subfield code="d">OCLCF</subfield><subfield code="d">OCLCO</subfield></datafield><datafield ind1="1" ind2=" " tag="029"><subfield code="a">AU@</subfield><subfield code="b">000012845223</subfield></datafield><datafield ind1=" " ind2=" " tag="042"><subfield code="a">pcc</subfield></datafield><datafield ind1=" " ind2=" " tag="043"><subfield code="a">n-us-mi</subfield></datafield><datafield ind1="0" ind2="0" tag="245"><subfield code="a">Harper Woods herald.</subfield></datafield><datafield ind1=" " ind2=" " tag="260"><subfield code="a">Harper Woods, Mich. :</subfield><subfield code="b">[South Macomb Pub. Co.]</subfield></datafield><datafield ind1=" " ind2=" " tag="300"><subfield code="a">v.</subfield></datafield><datafield ind1=" " ind2=" " tag="310"><subfield code="a">Weekly</subfield></datafield><datafield ind1=" " ind2=" " tag="580"><subfield code="a">Merged with: Northeast Detroiter, to form: Northeast Detroiter and the Harper Woods herald.</subfield></datafield><datafield ind1=" " ind2=" " tag="588"><subfield code="a">Description based on: Vol. 14, no. 42 (Jan. 4, 1962).</subfield></datafield><datafield ind1=" " ind2="0" tag="651"><subfield code="a">Harper Woods (Mich.)</subfield><subfield code="v">Newspapers.</subfield></datafield><datafield ind1=" " ind2="0" tag="651"><subfield code="a">Wayne County (Mich.)</subfield><subfield code="v">Newspapers.</subfield></datafield><datafield ind1=" " ind2="7" tag="655"><subfield code="a">Newspapers.</subfield><subfield code="2">fast</subfield><subfield code="0">(OCoLC)fst01423814</subfield></datafield><datafield ind1=" " ind2="7" tag="651"><subfield code="a">Michigan</subfield><subfield code="z">Harper Woods.</subfield><subfield code="2">fast</subfield><subfield code="0">(OCoLC)fst01219750</subfield></datafield><datafield ind1=" " ind2="7" tag="651"><subfield code="a">Michigan</subfield><subfield code="z">Wayne County.</subfield><subfield code="2">fast</subfield><subfield code="0">(OCoLC)fst01206628</subfield></datafield><datafield ind1=" " ind2=" " tag="752"><subfield code="a">United States</subfield><subfield code="b">Michigan</subfield><subfield code="c">Wayne</subfield><subfield code="d">Harper Woods.</subfield></datafield><datafield ind1="1" ind2="7" tag="785"><subfield code="a">Northeast Detroiter</subfield><subfield code="w">(DLC)sn 98066214</subfield><subfield code="w">(OCoLC)39128263</subfield></datafield><datafield ind1="1" ind2="7" tag="785"><subfield code="a">Northeast Detroiter and the Harper Woods herald</subfield><subfield code="w">(DLC)sn 98066926</subfield><subfield code="w">(OCoLC)39775269</subfield></datafield></record>